@misc{TrefethenNLA,
  Author={L.N. Trefethen, D. Bau},
  Howpublished={Society for Industrial Mathematics},
  Year={1997},
  Title={Numerical Linear Algebra}
}

@misc{MatrixMarket,
  Howpublished={\url{http://math.nist.gov/MatrixMarket/}},
  Title={Matrix Market - NIST}
}

@misc{SCALAPACK,
  Howpublished={\url{http://www.netlib.org/scalapack/}},
  Title={The ScaLAPACK Project}
}

@misc{LAPACK,
    Howpublished={\url{http://en.wikipedia.org/wiki/LAPACK}},
    Title={Linear Algebra PACKage - Wikipedia}
}

@misc{PLASMA,
  Howpublished={\url{http://icl.cs.utk.edu/plasma/}},
  Title={The Parallel Linear Algebra for Scalable Multi-core Architectures}
}

@misc{PSBLAS,
  Howpublished={\url{http://www.ce.uniroma2.it/psblas/}},
  Title={Parallel Sparse Basic Linear Algebra Subroutines}
}

@misc{BLAS,
  Howpublished={\url{http://www.netlib.org/blas/}},
  Title={Basic Linear Algebra Subprograms}
}

@misc{CLAPACK,
  Howpublished={\url{http://www.netlib.org/clapack/}},
  Title={CLAPACK (f2c'ed version of LAPACK)}
}

@misc{JBLAS,
  Howpublished={\url{http://jblas.org/}},
  Title={JBLAS, Linear Algebra for Java}
}

@misc{Jaguar,
  Howpublished={\url{http://www.nccs.gov/jaguar/}},
  Title={National Center for Computational Sciences >> Jaguar}
}

@misc{PLAPACK,
  Howpublished={\url{http://www.cs.utexas.edu/~plapack/}},
  Title={Parallel Linear Algebra Package}
}

@misc{MatrixMultiplication,
  Howpublished={\url{http://en.wikipedia.org/wiki/Matrix_multiplication}},
  Title={Matrix Multiplication - Wikipedia}
}

@misc{StrassenAlgorithm,
  Howpublished={\url{http://en.wikipedia.org/wiki/Strassen_algorithm}},
  Title={Strassen Algorithm - Wikipedia}
}
